<record><leader>00000cas a2200000 a 4500</leader><controlfield tag="001">19568624</controlfield><controlfield tag="008">890419d19231927iludn ne      0   a0eng c</controlfield><datafield ind1=" " ind2=" " tag="010"><subfield code="a">sn 89070050 </subfield></datafield><datafield ind1=" " ind2=" " tag="040"><subfield code="a">YOX</subfield><subfield code="b">eng</subfield><subfield code="c">YOX</subfield><subfield code="d">OCL</subfield><subfield code="d">NVF</subfield><subfield code="d">KRTAS</subfield><subfield code="d">OCLCQ</subfield><subfield code="d">OCLCF</subfield><subfield code="d">OCLCO</subfield><subfield code="d">NVF</subfield></datafield><datafield ind1=" " ind2=" " tag="042"><subfield code="a">pcc</subfield></datafield><datafield ind1=" " ind2=" " tag="043"><subfield code="a">n-us-il</subfield></datafield><datafield ind1="0" ind2=" " tag="130"><subfield code="a">Star (Lincoln, Ill. : Daily)</subfield></datafield><datafield ind1="1" ind2="4" tag="245"><subfield code="a">The star.</subfield></datafield><datafield ind1="1" ind2="7" tag="246"><subfield code="a">Lincoln evening star</subfield><subfield code="f">June 26-Nov. 7, 1923</subfield></datafield><datafield ind1=" " ind2=" " tag="260"><subfield code="a">Lincoln, Ill. :</subfield><subfield code="b">Star Pub. Co.,</subfield><subfield code="c">1923-1927.</subfield></datafield><datafield ind1=" " ind2=" " tag="300"><subfield code="a">volumes</subfield></datafield><datafield ind1=" " ind2=" " tag="310"><subfield code="a">Daily (except Sunday)</subfield></datafield><datafield ind1="0" ind2=" " tag="362"><subfield code="a">Vol. 12, no. 42 (June 26, 1923)-v. 16, no. 74 (Aug. 6, 1927).</subfield></datafield><datafield ind1=" " ind2=" " tag="580"><subfield code="a">Semiweekly eds.: Lincoln semi-weekly star, 1923, and: Star (Lincoln, Ill. : Semiweekly), 1923-&lt;1926&gt;</subfield></datafield><datafield ind1=" " ind2="0" tag="651"><subfield code="a">Lincoln (Ill.)</subfield><subfield code="v">Newspapers.</subfield></datafield><datafield ind1=" " ind2="7" tag="651"><subfield code="a">Illinois</subfield><subfield code="z">Lincoln.</subfield><subfield code="2">fast</subfield><subfield code="0">(OCoLC)fst01225922</subfield></datafield><datafield ind1=" " ind2="7" tag="655"><subfield code="a">Newspapers.</subfield><subfield code="2">fast</subfield><subfield code="0">(OCoLC)fst01423814</subfield></datafield><datafield ind1=" " ind2=" " tag="752"><subfield code="a">United States</subfield><subfield code="b">Illinois</subfield><subfield code="c">Logan County</subfield><subfield code="d">Lincoln.</subfield></datafield><datafield ind1="1" ind2=" " tag="775"><subfield code="t">Lincoln semi-weekly star</subfield><subfield code="w">(DLC)sn 93055869</subfield><subfield code="w">(OCoLC)28093731</subfield></datafield><datafield ind1="1" ind2=" " tag="775"><subfield code="t">Star (Lincoln, Ill. : Semiweekly)</subfield><subfield code="w">(DLC)sn 93055870</subfield><subfield code="w">(OCoLC)28093831</subfield></datafield><datafield ind1="0" ind2="0" tag="780"><subfield code="t">Lincoln evening star</subfield><subfield code="w">(DLC)sn 87082291</subfield><subfield code="w">(OCoLC)15259813</subfield></datafield><datafield ind1="0" ind2="0" tag="785"><subfield code="t">Lincoln daily star (Lincoln, Ill.)</subfield><subfield code="w">(DLC)sn 93055868</subfield><subfield code="w">(OCoLC)28093679</subfield></datafield><datafield ind1=" " ind2=" " tag="938"><subfield code="a">Kirtas Technologies, Inc.</subfield><subfield code="b">KRTS</subfield><subfield code="n">740272</subfield></datafield><datafield ind1="1" ind2=" " tag="029"><subfield code="a">AU@</subfield><subfield code="b">000020553058</subfield></datafield></record>